<record><leader>00000cas a22000007a 4500</leader><controlfield tag="001">21966146</controlfield><controlfield tag="008">900706d19901997inudr ne      0    0eng d</controlfield><datafield ind1=" " ind2=" " tag="010"><subfield code="a">sn 90099343 </subfield></datafield><datafield ind1=" " ind2=" " tag="040"><subfield code="a">NPI</subfield><subfield code="b">eng</subfield><subfield code="c">NPI</subfield><subfield code="d">NVF</subfield><subfield code="d">NPI</subfield><subfield code="d">OCLCQ</subfield><subfield code="d">IUL</subfield></datafield><datafield ind1=" " ind2=" " tag="042"><subfield code="a">msc</subfield></datafield><datafield ind1="0" ind2=" " tag="130"><subfield code="a">Hammond times (Munster, Ind.)</subfield></datafield><datafield ind1="1" ind2="4" tag="245"><subfield code="a">The Hammond times.</subfield></datafield><datafield ind1="1" ind2=" " tag="246"><subfield code="i">Saturday issue published as:</subfield><subfield code="a">Times</subfield></datafield><datafield ind1=" " ind2=" " tag="260"><subfield code="a">Munster, Ind. :</subfield><subfield code="b">Howard Publications,</subfield><subfield code="c">1990-1997.</subfield></datafield><datafield ind1=" " ind2=" " tag="300"><subfield code="a">8 v. :</subfield><subfield code="b">ill.</subfield></datafield><datafield ind1=" " ind2=" " tag="310"><subfield code="a">Daily</subfield></datafield><datafield ind1="0" ind2=" " tag="362"><subfield code="a">Vol. 83, no. 7 (June 24, 1990)-v. 90, no. 31 (Aug. 22, 1997).</subfield></datafield><datafield ind1=" " ind2=" " tag="752"><subfield code="a">United States</subfield><subfield code="b">Indiana</subfield><subfield code="c">Lake</subfield><subfield code="d">Munster.</subfield></datafield><datafield ind1="0" ind2="0" tag="780"><subfield code="t">Times (Hammond, Ind.)</subfield><subfield code="w">(DLC)sn 86058243</subfield><subfield code="w">(OCoLC)13084321</subfield></datafield><datafield ind1="0" ind2="0" tag="785"><subfield code="t">Times (Munster, Ind.)</subfield><subfield code="w">(DLC)sn 99063511</subfield><subfield code="w">(OCoLC)42819936</subfield></datafield><datafield ind1="1" ind2=" " tag="029"><subfield code="a">AU@</subfield><subfield code="b">000025884331</subfield></datafield></record>